
@article{facebook2,
	title = {“{But} the data is already public”: on the ethics of research in {Facebook}},
	volume = {12},
	issn = {1388-1957, 1572-8439},
	shorttitle = {“{But} the data is already public”},
	url = {http://link.springer.com/10.1007/s10676-010-9227-5},
	doi = {10.1007/s10676-010-9227-5},
	language = {en},
	number = {4},
	urldate = {2014-09-09},
	journal = {Ethics and Information Technology},
	author = {Zimmer, Michael},
	month = dec,
	year = {2010},
	pages = {313--325},
	file = {Zimmer - 2010 - “But the data is already public” on the ethics of.pdf:/home/jrc/.mozilla/firefox/jbld7d0d.default/zotero/storage/KH4VI6AR/Zimmer - 2010 - “But the data is already public” on the ethics of.pdf:application/pdf}
}

@article{wikicrimes,
	title = {Collective intelligence in law enforcement – {The} {WikiCrimes} system},
	volume = {180},
	issn = {00200255},
	url = {http://linkinghub.elsevier.com/retrieve/pii/S0020025509003454},
	doi = {10.1016/j.ins.2009.08.004},
	language = {en},
	number = {1},
	urldate = {2015-04-27},
	journal = {Information Sciences},
	author = {Furtado, Vasco and Ayres, Leonardo and de Oliveira, Marcos and Vasconcelos, Eurico and Caminha, Carlos and D’Orleans, Johnatas and Belchior, Mairon},
	month = jan,
	year = {2010},
	pages = {4--17},
	file = {00b7d53221f0872a9a000000.pdf:/home/jrc/.mozilla/firefox/jbld7d0d.default/zotero/storage/NJ5ZQ69Z/00b7d53221f0872a9a000000.pdf:application/pdf}
}
@article{facebook1,
	title = {Experimental evidence of massive-scale emotional contagion through social networks},
	volume = {111},
	url = {http://www.ivetriedthat.com/wp-content/uploads/2014/08/emotional-contagion.pdf},
	number = {29},
	urldate = {2015-05-03},
	journal = {PNAS},
	author = {Kramera, Adam DI and Guilloryb, Jamie E. and Hancockb, Jeffrey T.},
	year = {2014},
	pages = {10779},
	file = {8788.full.pdf:/home/jrc/.mozilla/firefox/jbld7d0d.default/zotero/storage/AHPPHKBM/8788.full.pdf:application/pdf}
}
@article{actr,
	title = {A {Spreading} {Activation} {Theory} of {Memory}},
	url = {http://act-r.psy.cmu.edu/wordpress/wp-content/uploads/2012/12/66SATh.JRA.JVL.1983.pdf},
	urldate = {2015-02-28},
	journal = {Journal of Verbal Learning and Verbal Behavior},
	author = {Anderson, John},
	year = {1983},
	keywords = {cmcl\_paper},
	file = {66SATh.JRA.JVL.1983.pdf:/home/jrc/.mozilla/firefox/jbld7d0d.default/zotero/storage/5CMJUMFB/66SATh.JRA.JVL.1983.pdf:application/pdf}
}
@book{cibook,
 author = {Smith, John B.},
 title = {Collective Intelligence in Computer-based Collaboration},
 year = {1994},
 isbn = {0-8058-1320-9},
 source = {hardcover \$59.95, ISBN 0-8058-1319-5},
 publisher = {L. Erlbaum Associates Inc.},
 address = {Hillsdale, NJ, USA},
} 
@article{crowdsourcing,
  title={Human-Computer Interaction and Collective Intelligence},
  author={BIGHAM, JEFFREY P and BERNSTEIN, MICHAEL S and ADAR, EYTAN}
}
@inproceedings{ratings,
	title = {Rating scales for collective intelligence in innovation communities: {Why} quick and easy decision making does not get it right},
	shorttitle = {Rating scales for collective intelligence in innovation communities},
	url = {http://papers.ssrn.com/sol3/papers.cfm?abstract_id=1714524},
	urldate = {2015-05-03},
	booktitle = {Proceedings of {Thirty} {First} {International} {Conference} on {Information} {Systems}},
	author = {Riedl, Christoph and Blohm, Ivo and Leimeister, Jan Marco and Krcmar, Helmut},
	year = {2010},
	file = {RiedlEtAl2010-ICIS.pdf:/home/jrc/.mozilla/firefox/jbld7d0d.default/zotero/storage/UBVK6SXT/RiedlEtAl2010-ICIS.pdf:application/pdf}
}
@article{science,
  title={Evidence for a collective intelligence factor in the performance of human groups},
  author={Woolley, Anita Williams and Chabris, Christopher F and Pentland, Alex and Hashmi, Nada and Malone, Thomas W},
  journal={science},
  volume={330},
  number={6004},
  pages={686--688},
  year={2010},
  publisher={American Association for the Advancement of Science}
}
@article{theorypolice1,
  title={Towards an integrated crowdsourcing definition},
  author={Estell{\'e}s-Arolas, Enrique and Gonz{\'a}lez-Ladr{\'o}n-de-Guevara, Fernando},
  journal={Journal of Information science},
  volume={38},
  number={2},
  pages={189--200},
  year={2012},
  publisher={Sage Publications}
}

@incollection{dcog,
	title = {Distributed cognition},
	url = {http://books.google.com/books?hl=en&lr=&id=gGyEOjkdpbYC&oi=fnd&pg=PA193&dq=%22that+previously+m+o+d+e+r+a+t+e+d+team+interactions+are+disrupted.+In+all+of%22+%22real+world,+as+opposed+to+laboratory+settings,+HCI+designers+need+to+have%22+&ots=6yplDmhQgW&sig=_2Vv41BbMEd2BaEIPQWxY6_hkkw},
	urldate = {2015-04-07},
	booktitle = {{HCI}, {Models}, {Theories}, and {Frameworks}, {London}: {Morgan} {Kaufman}},
	author = {Perry, Mark},
	year = {2003},
	file = {CHAPTER-8-Distributed-Cognition_2003_HCI-Models-Theories-and-Frameworks.pdf:/home/jrc/.mozilla/firefox/jbld7d0d.default/zotero/storage/5I6ISD6C/CHAPTER-8-Distributed-Cognition_2003_HCI-Models-Theories-and-Frameworks.pdf:application/pdf}
}
@article{foldit,
  title={Increased Diels-Alderase activity through backbone remodeling guided by Foldit players},
  author={Eiben, Christopher B and Siegel, Justin B and Bale, Jacob B and Cooper, Seth and Khatib, Firas and Shen, Betty W and Players, Foldit and Stoddard, Barry L and Popovic, Zoran and Baker, David},
  journal={Nature biotechnology},
  volume={30},
  number={2},
  pages={190--192},
  year={2012},
  publisher={Nature Publishing Group}
}
@article{recaptcha,
  title={recaptcha: Human-based character recognition via web security measures},
  author={Von Ahn, Luis and Maurer, Benjamin and McMillen, Colin and Abraham, David and Blum, Manuel},
  journal={Science},
  volume={321},
  number={5895},
  pages={1465--1468},
  year={2008},
  publisher={American Association for the Advancement of Science}
}
@book{deary2000looking,
  title={Looking down on human intelligence: from psychometrics to the brain.},
  author={Deary, Ian J},
  year={2000},
  publisher={Oxford University Press}
}

@book{mcgrath1984groups,
  title={Groups: Interaction and performance},
  author={McGrath, Joseph Edward},
  volume={14},
  year={1984},
  publisher={Prentice-Hall Englewood Cliffs, NJ}
}
